%Small Sample Inference
@book{romano2005testing,
  title={{Testing Statistical Hypotheses}},
  author={Lehman, Eric L. and Romano, Joseph P.},
  year={2005},
  publisher={Springer Texts in Statistics}
}

@article{romano2005exact,
  title={{Exact and Approximate Stepdown Methods for Multiple Hypothesis Testing}},
  author={Romano, Joseph P and Wolf, Michael},
  journal={Journal of the American Statistical Association},
  volume={100},
  number={469},
  pages={94--108},
  year={2005},
  publisher={Taylor \& Francis}
}

@UNPUBLISHED{heckman2013causal,
  author={Heckman, James J. and Pinto, Rodrigo},
  title={{Causal Analysis after Haavelmo}},
  note = {University of Chicago, Unpublished Manuscript},
  year = {2013},
  owner = {Jenni},
  timestamp = {2013.07.11}
}

@article{heckman2010analyzing,
  title={Analyzing social experiments as implemented: A reexamination of the evidence from the HighScope Perry Preschool Program},
  author={Heckman, James and Moon, Seong Hyeok and Pinto, Rodrigo and Savelyev, Peter and Yavitz, Adam},
  journal={Quantitative economics},
  volume={1},
  number={1},
  pages={1--46},
  year={2010},
  publisher={Wiley Online Library}
}

%Factors
@book{gorsuch1983factor,
  title={{Factor Analysis}},
  author={Gorsuch, Richard L},
  year={1983},
  publisher={Lawrence Erlbaum Associates Publishers}
}

@article{bernal2011child,
  title={{Child Care Choices and Childrenâ€™s Cognitive Achievement: the Case of Single Mothers}},
  author={Bernal, Raquel and Keane, Michael P},
  journal={Journal of Labor Economics},
  volume={29},
  number={3},
  pages={459--512},
  year={2011},
  publisher={JSTOR}
}

@article{hansen2008estimation,
  title={{Estimation with many Instrumental Variables}},
  author={Hansen, Christian and Hausman, Jerry and Newey, Whitney},
  journal={Journal of Business \& Economic Statistics},
  volume={26},
  number={4},
  year={2008}
}

@article{andrews2007testing,
  title={{Testing with Many Weak Instruments}},
  author={Andrews, Donald WK and Stock, James H},
  journal={Journal of Econometrics},
  volume={138},
  number={1},
  pages={24--46},
  year={2007},
  publisher={Elsevier}
}

@article{anderson2010asymptotic,
  title={{On the Asymptotic Optimality of the LIML Estimator with Possibly many Instruments}},
  author={Anderson, T W and Kunitomo, Naoto and Matsushita, Yukitoshi},
  journal={Journal of Econometrics},
  volume={157},
  number={2},
  pages={191--204},
  year={2010},
  publisher={Elsevier}
}

@misc{stock2002testing,
  title={{Testing for Weak Instruments in Linear IV Regression}},
  author={Stock, James H and Yogo, Motohiro},
  year={2002},
  publisher={National Bureau of Economic Research}
}

@article{guttman1954some,
  title={{Some Necessary Conditions for Common Factor Analysis}},
  author={Guttman, Louis},
  journal={Psychometrika},
  volume={19},
  number={2},
  pages={149--161},
  year={1954},
  publisher={Springer}
}

@article{wooldridge2007inverse,
  title={{Inverse Probability Weighted Estimation for General Missing Data Problems}},
  author={Wooldridge, Jeffrey M},
  journal={Journal of Econometrics},
  volume={141},
  number={2},
  pages={1281--1301},
  year={2007},
  publisher={Elsevier}
}

@article{heckman2013uderstanding,
  title={{Understanding the Mechanism through which and Influential Early Childhood Program Boosted Adult Outcomes}},
  author={Heckman, James J. and Pinto, Rodrigo and Savelyev, Peter},
  journal={American Economic Review},
  volume={103},
  number={6},
  pages={2052--86},
  year={2013},
}

@article{abdi2003factor,
  title={{Factor Rotations in Factor Analyses}},
  author={Abdi, Herv{\'e}},
  journal={Encyclopedia for Research Methods for the Social Sciences. Sage: Thousand Oaks, CA},
  pages={792--795},
  year={2003}
}

%Croon's Correction
@article{croon2002using,
  title={{Using Predicted Latent Scores in General Latent Structure Models}},
  author={Croon, Marcel},
  journal={{Latent Variable and Latent Structure Models}},
  pages={195--223},
  year={2002},
  publisher={Lawrence Erlbaum}
}